<record><leader>00000cas a22000007a 4500</leader><controlfield tag="001">35676480</controlfield><controlfield tag="008">961003d1uuu1909sduwr ne      0    0eng d</controlfield><datafield ind1=" " ind2=" " tag="010"><subfield code="a">sn 96090255 </subfield></datafield><datafield ind1=" " ind2=" " tag="040"><subfield code="a">SXN</subfield><subfield code="b">eng</subfield><subfield code="c">SXN</subfield><subfield code="d">OCLCQ</subfield><subfield code="d">OCLCF</subfield><subfield code="d">OCLCO</subfield></datafield><datafield ind1="1" ind2=" " tag="029"><subfield code="a">AU@</subfield><subfield code="b">000012911211</subfield></datafield><datafield ind1=" " ind2=" " tag="042"><subfield code="a">msc</subfield></datafield><datafield ind1=" " ind2=" " tag="043"><subfield code="a">n-us-sd</subfield></datafield><datafield ind1="0" ind2=" " tag="130"><subfield code="a">Times-herald (Hot Springs, S.D.)</subfield></datafield><datafield ind1="1" ind2="4" tag="245"><subfield code="a">The times-herald.</subfield></datafield><datafield ind1=" " ind2=" " tag="260"><subfield code="a">Hot Springs, S.D. :</subfield><subfield code="b">E.S. Ames</subfield></datafield><datafield ind1=" " ind2=" " tag="300"><subfield code="a">v.</subfield></datafield><datafield ind1=" " ind2=" " tag="310"><subfield code="a">Weekly</subfield></datafield><datafield ind1="0" ind2=" " tag="362"><subfield code="a">-v. 18, no. 31 (Apr. 21, 1909) = v. 19, no. 31.</subfield></datafield><datafield ind1=" " ind2=" " tag="530"><subfield code="a">Available on microfilm from: State Archives, South Dakota State Historical Society.</subfield></datafield><datafield ind1=" " ind2=" " tag="580"><subfield code="a">Formed by the union of: Hot Springs herald, and: Oelrichs times.</subfield></datafield><datafield ind1=" " ind2=" " tag="588"><subfield code="a">Description based on: Vol. 13, no. 32 (Apr. 20, 1904) = v. 15, no. 32.</subfield></datafield><datafield ind1=" " ind2="0" tag="651"><subfield code="a">Hot Springs (S.D.)</subfield><subfield code="v">Newspapers.</subfield></datafield><datafield ind1=" " ind2="0" tag="651"><subfield code="a">Fall River County (S.D.)</subfield><subfield code="v">Newspapers.</subfield></datafield><datafield ind1=" " ind2="7" tag="655"><subfield code="a">Newspapers.</subfield><subfield code="2">fast</subfield><subfield code="0">(OCoLC)fst01423814</subfield></datafield><datafield ind1=" " ind2="7" tag="651"><subfield code="a">South Dakota</subfield><subfield code="z">Fall River County.</subfield><subfield code="2">fast</subfield><subfield code="0">(OCoLC)fst01215571</subfield></datafield><datafield ind1=" " ind2="7" tag="651"><subfield code="a">South Dakota</subfield><subfield code="z">Hot Springs.</subfield><subfield code="2">fast</subfield><subfield code="0">(OCoLC)fst01226119</subfield></datafield><datafield ind1=" " ind2=" " tag="752"><subfield code="a">United States</subfield><subfield code="b">South Dakota</subfield><subfield code="c">Fall River</subfield><subfield code="d">Hot Springs.</subfield></datafield><datafield ind1="1" ind2="4" tag="780"><subfield code="t">Hot Springs herald</subfield></datafield><datafield ind1="1" ind2="4" tag="780"><subfield code="t">Oelrichs times</subfield><subfield code="w">(DLC)sn 97071312</subfield></datafield></record>